@Article{RolfDraehter2019,
  author  = {Rolf Drähter, Holger Koschek und Carsten Sahling},
  journal = {O´Reillys Taschenbibliothek},
  title   = {Scrum kurz & gut},
  year    = {2019},
}

@TechReport{JosefineLepzien,
  author      = {Josefine Lepzien , Michael Lewerenz},
  institution = {uni-rostock},
  title       = {Persona-Methode Eine Methode zur Illustrierung von Bildungsbedarfen},
  url         = {https://www.uni-rostock.de/storages/uni-rostock/UniHome/Weiterbildung/KOSMOS/Persona.pdf},
}

@Misc{Salind,
  author    = {Salind GPS},
  title     = {SALIND GPS-Tracker Auto, Motorrad, Fahrzeuge und LKW´s mit Magnet, etwa 40 Tage Akkulaufzeit (bis zu 90 Tage im Standby Modus)},
  owner     = {Salind GPS},
  timestamp = {22.02.2022},
  url       = {https://www.amazon.de/GPS-Tracker-Motorrad-Fahrzeuge-Akkulaufzeit-Standby/dp/B07TV4W8H4/ref=sr_1_8?keywords=gps auto tracker&qid=1645548524&sprefix=gps aut,aps,97&sr=8-8},
}

@Misc{,
  author       = {Dipl.-Ing Hanna Full},
  howpublished = {moodle},
  month        = jan,
  title        = {Prototyping},
  year         = {2022},
  file         = {:C\:/Users/MiN0DE/OneDrive/Desktop/06 Design Thinking - Prototyping.pdf:PDF},
  owner        = {Dipl.-Ing Hanna Full},
  url          = {https://moodle.htw-berlin.de/pluginfile.php/1394565/mod_resource/content/1/06 Design Thinking - Prototyping.pdf},
}

@Comment{jabref-meta: databaseType:bibtex;}
